<?xml version="1.0" encoding="UTF-8"?><collection xmlns="http://www.loc.gov/MARC21/slim"><record><leader>00321nam--2200133-i-4500</leader><controlfield tag="001">000037594</controlfield><controlfield tag="002">20161230</controlfield><controlfield tag="005">20161230201041</controlfield><controlfield tag="008">060222s1000------------r-----000-0-eng-d</controlfield><datafield ind1=" " ind2=" " tag="080"><subfield code="a">543.253</subfield></datafield><datafield ind1=" " ind2=" " tag="245"><subfield code="a">Progress in polarography</subfield></datafield><datafield ind1=" " ind2=" " tag="260"><subfield code="a">New York, John Wiley &amp; Sons, Inc.1972. 399 P</subfield></datafield><datafield ind1=" " ind2=" " tag="700"><subfield code="a">Zuman,P</subfield></datafield><datafield ind1=" " ind2=" " tag="852"><subfield code="a">37890</subfield></datafield></record></collection>